<?xml version="1.0" encoding="UTF-8"?>
<collection
  xmlns:xsi="http://www.w3.org/2001/XMLSchema-instance"
  xsi:schemaLocation="http://www.loc.gov/MARC21/slim http://www.loc.gov/standards/marcxml/schema/MARC21slim.xsd"
  xmlns="http://www.loc.gov/MARC21/slim">

<record>
  <leader>01843nai a2200517 i 4500</leader>
  <controlfield tag="001">web20172880415</controlfield>
  <controlfield tag="003">CZ PrNK</controlfield>
  <controlfield tag="005">20250617181720.0</controlfield>
  <controlfield tag="006">m     o  d        </controlfield>
  <controlfield tag="007">cr cn </controlfield>
  <controlfield tag="008">170214c20089999xr  x w o     0   b2cze  </controlfield>
  <datafield tag="015" ind1=" " ind2=" ">
    <subfield code="a">cnb002880415</subfield>
  </datafield>
  <datafield tag="040" ind1=" " ind2=" ">
    <subfield code="a">ABA001</subfield>
    <subfield code="b">cze</subfield>
    <subfield code="e">rda</subfield>
  </datafield>
  <datafield tag="072" ind1=" " ind2="7">
    <subfield code="a">81</subfield>
    <subfield code="x">Lingvistika. Jazyky</subfield>
    <subfield code="2">Konspekt</subfield>
    <subfield code="9">11</subfield>
  </datafield>
  <datafield tag="072" ind1=" " ind2="9">
    <subfield code="a">410</subfield>
    <subfield code="x">Linguistics</subfield>
    <subfield code="2">Conspectus</subfield>
    <subfield code="9">11</subfield>
  </datafield>
  <datafield tag="080" ind1=" " ind2=" ">
    <subfield code="a">81&amp;apos;374</subfield>
    <subfield code="2">MRF</subfield>
  </datafield>
  <datafield tag="080" ind1=" " ind2=" ">
    <subfield code="a">81&amp;apos;276</subfield>
    <subfield code="2">MRF</subfield>
  </datafield>
  <datafield tag="080" ind1=" " ind2=" ">
    <subfield code="a">81&amp;apos;276.45</subfield>
    <subfield code="2">MRF</subfield>
  </datafield>
  <datafield tag="080" ind1=" " ind2=" ">
    <subfield code="a">811.162.3</subfield>
    <subfield code="2">MRF</subfield>
  </datafield>
  <datafield tag="080" ind1=" " ind2=" ">
    <subfield code="a">(0.034.2)004.738.12</subfield>
    <subfield code="2">MRF</subfield>
  </datafield>
  <datafield tag="245" ind1="0" ind2="0">
    <subfield code="a">Čeština 2.0 :</subfield>
    <subfield code="b">Slovník, který tvoříte vy</subfield>
  </datafield>
  <datafield tag="246" ind1="3" ind2="0">
    <subfield code="a">Slovník, který tvoříte vy</subfield>
  </datafield>
  <datafield tag="264" ind1=" " ind2="1">
    <subfield code="a">Praha :</subfield>
    <subfield code="b">Martin Kavka,</subfield>
    <subfield code="c">2008-</subfield>
  </datafield>
  <datafield tag="300" ind1=" " ind2=" ">
    <subfield code="a">1 online zdroj</subfield>
  </datafield>
  <datafield tag="310" ind1=" " ind2=" ">
    <subfield code="a">Aktualizováno průběžně</subfield>
  </datafield>
  <datafield tag="336" ind1=" " ind2=" ">
    <subfield code="a">text</subfield>
    <subfield code="b">txt</subfield>
    <subfield code="2">rdacontent</subfield>
  </datafield>
  <datafield tag="337" ind1=" " ind2=" ">
    <subfield code="a">počítač</subfield>
    <subfield code="b">c</subfield>
    <subfield code="2">rdamedia</subfield>
  </datafield>
  <datafield tag="338" ind1=" " ind2=" ">
    <subfield code="a">online zdroj</subfield>
    <subfield code="b">cr</subfield>
    <subfield code="2">rdacarrier</subfield>
  </datafield>
  <datafield tag="520" ind1=" " ind2=" ">
    <subfield code="a">Slovník obsahuje výklad nových, regionálních či jinak zajímavých slov. Do slovníku přispívají uživatelé, široká veřejnost.</subfield>
  </datafield>
  <datafield tag="588" ind1=" " ind2=" ">
    <subfield code="a">Název z titulní obrazovky (náhled z 14.02.2017)</subfield>
    <subfield code="5">CZ-PrNK</subfield>
  </datafield>
  <datafield tag="650" ind1="0" ind2="7">
    <subfield code="a">jazykové slovníky</subfield>
    <subfield code="7">ph121326</subfield>
    <subfield code="2">czenas</subfield>
  </datafield>
  <datafield tag="650" ind1="0" ind2="7">
    <subfield code="a">slang</subfield>
    <subfield code="7">ph138993</subfield>
    <subfield code="2">czenas</subfield>
  </datafield>
  <datafield tag="650" ind1="0" ind2="7">
    <subfield code="a">argot</subfield>
    <subfield code="7">ph138994</subfield>
    <subfield code="2">czenas</subfield>
  </datafield>
  <datafield tag="650" ind1="0" ind2="7">
    <subfield code="a">čeština</subfield>
    <subfield code="7">ph135292</subfield>
    <subfield code="2">czenas</subfield>
  </datafield>
  <datafield tag="650" ind1="0" ind2="9">
    <subfield code="a">language dictionaries</subfield>
    <subfield code="2">eczenas</subfield>
  </datafield>
  <datafield tag="650" ind1="0" ind2="9">
    <subfield code="a">slang</subfield>
    <subfield code="2">eczenas</subfield>
  </datafield>
  <datafield tag="650" ind1="0" ind2="9">
    <subfield code="a">argot</subfield>
    <subfield code="2">eczenas</subfield>
  </datafield>
  <datafield tag="650" ind1="0" ind2="9">
    <subfield code="a">Czech language</subfield>
    <subfield code="2">eczenas</subfield>
  </datafield>
  <datafield tag="655" ind1=" " ind2="7">
    <subfield code="a">webové dokumenty</subfield>
    <subfield code="7">fd186892</subfield>
    <subfield code="2">czenas</subfield>
  </datafield>
  <datafield tag="655" ind1=" " ind2="9">
    <subfield code="a">web documents</subfield>
    <subfield code="2">eczenas</subfield>
  </datafield>
  <datafield tag="700" ind1="1" ind2=" ">
    <subfield code="a">Kavka, Martin,</subfield>
    <subfield code="d">1977-</subfield>
    <subfield code="7">xx0228756</subfield>
    <subfield code="4">pbl</subfield>
  </datafield>
  <datafield tag="856" ind1="4" ind2="0">
    <subfield code="u">http://cestina20.cz</subfield>
    <subfield code="q">text/html</subfield>
    <subfield code="4">N</subfield>
  </datafield>
  <datafield tag="856" ind1="4" ind2="0">
    <subfield code="u">http://wayback.webarchiv.cz/wayback/http://cestina20.cz</subfield>
    <subfield code="q">text/html</subfield>
    <subfield code="z">archivní verze stránek</subfield>
    <subfield code="4">N</subfield>
  </datafield>
  <datafield tag="929" ind1=" " ind2=" ">
    <subfield code="a">Text</subfield>
  </datafield>
  <datafield tag="930" ind1=" " ind2=" ">
    <subfield code="a">cop.</subfield>
  </datafield>
  <datafield tag="998" ind1=" " ind2=" ">
    <subfield code="a">002880415</subfield>
  </datafield>
</record>

</collection>
